@online{tux,
    title={Tux (Maskottchen)},
    url={https://de.wikipedia.org/wiki/Tux_(Maskottchen)},
    urldate={2021-05-10}
}