%!TEX root = ../thesis.tex

% Sample for an online resource
@online{tux2021,
    title={Tux (Maskottchen)},
    author={Linus Torwalds},
    url={https://de.wikipedia.org/wiki/Tux_(Maskottchen)},
    urldate={2021-05-10}
}

% Sample for an article source
@article{fielding2000,
	author={Roy Thomas Fielding},
	title={Fielding dissertation: Chapter 5: Representational state transfer (rest)},
	journal={\url{http://www.ics.uci.edu/~fielding/pubs/dissertation/rest_arch_style.htm}},
	date={2000}
}

% Sample for a book source
@book{raymond2008,
    title={The Art of Unix Programming},
    author={Eric Steven Raymond},
    isbn={0-13-142901-9},
    year={2008},
    publisher={Pearson Education, Inc.},
}

% Sample for an inbook source
@inbook{stieglitz2016,
    author="Stieglitz, Stefan and Brockmann, Tobias",
    editor="Knoll, Matthias and Meinhardt, Stefan",
    title="Einsatz mobiler Anwendungen im Unternehmen",
    bookTitle="Mobile Computing: Grundlagen -- Prozesse und Plattformen -- Branchen und Anwendungsszenarien",
    year="2016",
    publisher="Springer Fachmedien Wiesbaden",
    address="Wiesbaden",
    pages="1--12",
    abstract="Der Artikel greift die aktuelle rasante Entwicklung im Bereich der mobilen Kommunikation im Unternehmenskontext auf. Ausgangsfragestellung ist hierbei: Wie k{\"o}nnen Unternehmen mobile Endger{\"a}te und mobile Applikationen so in ihre Gesch{\"a}ftsprozesse integrieren, dass Mehrwerte entstehen? Basierend auf einer empirischen Umfrage unter 200 Entscheidungstr{\"a}gern in deutschen Unternehmen wird zun{\"a}chst der Status Quo zum Einsatz mobiler Applikationen in Unternehmen vorgestellt. Es werden Strategien f{\"u}r die Einf{\"u}hrung mobiler Applikationen vorgestellt und diskutiert. Besonders entscheidend f{\"u}r den erfolgreichen Einsatz mobiler Applikationen im Unternehmen sind laut den Befragten insbesondere der Integrationsgrad der Anwendungen in Workflows und Kommunikationsprozesse sowie die Wahl einer geeigneten Zielgruppe im Unternehmen. Hier stehen Unternehmen vor der Schwierigkeit eigene Applikationen (Enterprise Apps) entwickeln zu m{\"u}ssen, wenn diese optimal an den Gesch{\"a}ftszielen ausgerichtet sein sollen. Weiterhin zeigt sich, dass f{\"u}r Unternehmen zuk{\"u}nftige Herausforderungen auch im Management der Endger{\"a}tevielfalt und der Bew{\"a}ltigung von Sicherheitsproblemen liegen. Es zeichnet sich klar ab, dass Unternehmen in Zukunft noch st{\"a}rker unter Zugzwang stehen, sich mit mobilen Technologien zu besch{\"a}ftigen. Hierzu tragen nicht nur verbesserte Netze und Kostentarife bei, sondern insbesondere auch immer neu aufkommende Endger{\"a}te und mobile Applikationen.",
    isbn="978-3-658-12029-0",
    doi="10.1007/978-3-658-12029-0_1",
    url="https://doi.org/10.1007/978-3-658-12029-0_1"
}